@article{Dumitriu2016,
  title={Integrative analyses of proteomics and RNA transcriptomics implicate mitochondrial processes, protein folding pathways and GWAS loci in Parkinson disease},
  author={Dumitriu, Alexandra and Golji, Javad and Labadorf, Adam T and Gao, Benbo and Beach, Thomas G and Myers, Richard H and Longo, Kenneth A and Latourelle, Jeanne C},
  journal={BMC medical genomics},
  volume={9},
  number={1},
  pages={5},
  year={2015},
  publisher={BioMed Central}
}

@article{Meyer2019,
  title={REST and neural gene network dysregulation in iPSC models of Alzheimer’s disease},
  author={Meyer, Katharina and Feldman, Heather M and Lu, Tao and Drake, Derek and Lim, Elaine T and Ling, King-Hwa and Bishop, Nicholas A and Pan, Ying and Seo, Jinsoo and Lin, Yuan-Ta and others},
  journal={Cell reports},
  volume={26},
  number={5},
  pages={1112--1127},
  year={2019},
  publisher={Elsevier}
}

@article{Osipovitch2019,
  title={Human ESC-derived chimeric mouse models of Huntington’s disease reveal cell-intrinsic defects in glial progenitor cell differentiation},
  author={Osipovitch, Mikhail and Martinez, Andrea Asenjo and Mariani, John N and Cornwell, Adam and Dhaliwal, Simrat and Zou, Lisa and Chandler-Militello, Devin and Wang, Su and Li, Xiaojie and Benraiss, Sarah-Jehanne and others},
  journal={Cell Stem Cell},
  volume={24},
  number={1},
  pages={107--122},
  year={2019},
  publisher={Elsevier}
}

@article{Switonska2019,
  title={Identification of Altered Developmental Pathways in Human Juvenile HD iPSC With 71Q and 109Q Using Transcriptome Profiling},
  author={{\'S}wito{\'n}ska, Karolina and Szlachcic, Wojciech J and Handschuh, Luiza and Wojciechowski, Pawe{\l} and Marczak, {\L}ukasz and Stelmaszczuk, Micha{\l} and Figlerowicz, Marek and Figiel, Maciej},
  journal={Frontiers in cellular neuroscience},
  volume={12},
  pages={528},
  year={2019},
  publisher={Frontiers}
}

@TECHREPORT{WSL,
	author = {Microsoft},
	title = {Windows Subsystem for Linux Installation Guide for Windows 10},
	institution={Microsoft},
	year = {2020},
	publisher = {Microsoft},
	type = {Documentation}
}

@article{Yongjun2012,
  title={RNA sequencing: platform selection, experimental design, and data interpretation},
  author={Chu, Yongjun and Corey, David R},
  journal={Nucleic acid therapeutics},
  volume={22},
  number={4},
  pages={271--274},
  year={2012},
  publisher={Mary Ann Liebert, Inc. 140 Huguenot Street, 3rd Floor New Rochelle, NY 10801 USA}
}

@article{Wang,
  title={RNA-Seq: a revolutionary tool for transcriptomics},
  author={Wang, Zhong and Gerstein, Mark and Snyder, Michael},
  journal={Nature reviews genetics},
  volume={10},
  number={1},
  pages={57},
  year={2009},
  publisher={Nature Publishing Group}
}

@article{Keren2019,
  title={RNA sequence analysis reveals macroscopic somatic clonal expansion across normal tissues},
  author={Yizhak, Keren and Aguet, Fran{\c{c}}ois and Kim, Jaegil and Hess, Julian M and K{\"u}bler, Kirsten and Grimsby, Jonna and Frazer, Ruslana and Zhang, Hailei and Haradhvala, Nicholas J and Rosebrock, Daniel and others},
  journal={Science},
  volume={364},
  number={6444},
  pages={eaaw0726},
  year={2019},
  publisher={American Association for the Advancement of Science}
}

@article{Lei2008,
  title={The Next-Generation Genome Sequencing: 454/Roche GS FLX},
  author={Du, Lei and Egholm, Michael},
  journal={Next Generation Genome Sequencing: Towards Personalized Medicine},
  pages={43--56},
  year={2008},
  publisher={Wiley Online Library}
}

@article{Michael2014,
  title={Moderated estimation of fold change and dispersion for RNA-seq data with DESeq2},
  author={Love, Michael I and Huber, Wolfgang and Anders, Simon},
  journal={Genome biology},
  volume={15},
  number={12},
  pages={550},
  year={2014},
  publisher={BioMed Central}
}

@article{Conesa2016,
  title={A survey of best practices for RNA-seq data analysis},
  author={Conesa, Ana and Madrigal, Pedro and Tarazona, Sonia and Gomez-Cabrero, David and Cervera, Alejandra and McPherson, Andrew and Szcze{\'s}niak, Micha{\l} Wojciech and Gaffney, Daniel J and Elo, Laura L and Zhang, Xuegong and others},
  journal={Genome biology},
  volume={17},
  number={1},
  pages={13},
  year={2016},
  publisher={BioMed Central}
}

@article{Tamara2014,
  title={The prevalence of Parkinson's disease: A systematic review and meta-analysis},
  author={Pringsheim, Tamara and Jette, Nathalie and Frolkis, Alexandra and Steeves, Thomas DL},
  journal={Movement disorders},
  volume={29},
  number={13},
  pages={1583--1590},
  year={2014},
  publisher={Wiley Online Library}
}

@article{Grada,
  title={Next-generation sequencing: methodology and application},
  author={Grada, Ayman and Weinbrecht, Kate},
  journal={The Journal of investigative dermatology},
  volume={133},
  number={8},
  pages={e11},
  year={2013},
  publisher={Nature Publishing Group}
}

@article{Chu,
  title={RNA sequencing: platform selection, experimental design, and data interpretation},
  author={Chu, Yongjun and Corey, David R},
  journal={Nucleic acid therapeutics},
  volume={22},
  number={4},
  pages={271--274},
  year={2012},
  publisher={Mary Ann Liebert, Inc. 140 Huguenot Street, 3rd Floor New Rochelle, NY 10801 USA}
}

@article{Katz,
  title={Analysis and design of RNA sequencing experiments for identifying isoform regulation},
  author={Katz, Yarden and Wang, Eric T and Airoldi, Edoardo M and Burge, Christopher B},
  journal={Nature methods},
  volume={7},
  number={12},
  pages={1009},
  year={2010},
  publisher={Nature Publishing Group}
}

@article{Bray,
  title={Near-optimal probabilistic RNA-seq quantification},
  author={Bray, Nicolas L and Pimentel, Harold and Melsted, P{\'a}ll and Pachter, Lior},
  journal={Nature biotechnology},
  volume={34},
  number={5},
  pages={525},
  year={2016},
  publisher={Nature Publishing Group}
}

@article{Ritchie,
  title={limma powers differential expression analyses for RNA-sequencing and microarray studies},
  author={Ritchie, Matthew E and Phipson, Belinda and Wu, Di and Hu, Yifang and Law, Charity W and Shi, Wei and Smyth, Gordon K},
  journal={Nucleic acids research},
  volume={43},
  number={7},
  pages={e47--e47},
  year={2015},
  publisher={Oxford University Press}
}

@incollection{clough2016gene,
  title={The gene expression omnibus database},
  author={Clough, Emily and Barrett, Tanya},
  booktitle={Statistical Genomics},
  pages={93--110},
  year={2016},
  publisher={Springer}
}

@article{leinonen2010sequence,
  title={The sequence read archive},
  author={Leinonen, Rasko and Sugawara, Hideaki and Shumway, Martin and International Nucleotide Sequence Database Collaboration},
  journal={Nucleic acids research},
  volume={39},
  number={suppl\_1},
  pages={D19--D21},
  year={2010},
  publisher={Oxford University Press}
}

@misc{SRAToolkit,
  author = {SRA},
  title = {SRA Toolkit documentation},
  year = {2020},
  url = {https://trace.ncbi.nlm.nih.gov/Traces/sra/sra.cgi?view=toolkit_doc},
  note = {Accessed: 2020-06-10}
}

@misc{andrews2010fastqc,
  title={FastQC: a quality control tool for high throughput sequence data},
  author={Andrews, Simon and others},
  year={2010},
  publisher={Babraham Bioinformatics, Babraham Institute, Cambridge, United Kingdom}
}

@article{ewels2016multiqc,
  title={MultiQC: summarize analysis results for multiple tools and samples in a single report},
  author={Ewels, Philip and Magnusson, M{\aa}ns and Lundin, Sverker and K{\"a}ller, Max},
  journal={Bioinformatics},
  volume={32},
  number={19},
  pages={3047--3048},
  year={2016},
  publisher={Oxford University Press}
}

@article{martin2011cutadapt,
  title={Cutadapt removes adapter sequences from high-throughput sequencing reads},
  author={Martin, Marcel},
  journal={EMBnet. journal},
  volume={17},
  number={1},
  pages={10--12},
  year={2011}
}

@article{li2009sequence,
  title={The sequence alignment/map format and SAMtools},
  author={Li, Heng and Handsaker, Bob and Wysoker, Alec and Fennell, Tim and Ruan, Jue and Homer, Nils and Marth, Gabor and Abecasis, Goncalo and Durbin, Richard},
  journal={Bioinformatics},
  volume={25},
  number={16},
  pages={2078--2079},
  year={2009},
  publisher={Oxford University Press}
}

@misc{rusk2019expanded,
  title={Expanded CIBERSORTx},
  author={Rusk, Nicole},
  year={2019},
  publisher={Nature Publishing Group}
}

@article{pimentel2017differential,
  title={Differential analysis of RNA-seq incorporating quantification uncertainty},
  author={Pimentel, Harold and Bray, Nicolas L and Puente, Suzette and Melsted, P{\'a}ll and Pachter, Lior},
  journal={Nature methods},
  volume={14},
  number={7},
  pages={687},
  year={2017},
  publisher={Nature Publishing Group}
}

@misc{sleuthRNAseq,
  author = {Pachter, Lior},
  title = {A sleuth for RNA-Seq},
  year = {2015},
  url = {https://liorpachter.wordpress.com/2015/08/17/a-sleuth-for-rna-seq/},
  note = {Accessed: 2020-06-10}
}

@misc{Handbook,
    title = {SRA Handbook [Internet]},
    author = {National Center for Biotechnology Information (US), Bethesda (MD)},
    year = {2016},
    url = {https://www.ncbi.nlm.nih.gov/books/NBK242621/},
    note = {Accessed: 2020-07-10}
}

@article{Costa,
  title={RNA-Seq and human complex diseases: recent accomplishments and future perspectives},
  author={Costa, Valerio and Aprile, Marianna and Esposito, Roberta and Ciccodicola, Alfredo},
  journal={European Journal of Human Genetics},
  volume={21},
  number={2},
  pages={134},
  year={2013},
  publisher={Nature Publishing Group}
}

@article{Plotkin,
  title={Impaired TrkB receptor signaling underlies corticostriatal dysfunction in Huntington’s disease},
  author={Plotkin, Joshua L and Day, Michelle and Peterson, Jayms D and Xie, Zhong and Kress, Geraldine J and Rafalovich, Igor and Kondapalli, Jyothisri and Gertler, Tracy S and Flajolet, Marc and Greengard, Paul and others},
  journal={Neuron},
  volume={83},
  number={1},
  pages={178--188},
  year={2014},
  publisher={Elsevier}
}

@article{Miller,
  title={RNA-Seq of Huntington’s disease patient myeloid cells reveals innate transcriptional dysregulation associated with proinflammatory pathway activation},
  author={Miller, James RC and Lo, Kitty K and Andre, Ralph and Hensman Moss, Davina J and Tr{\"a}ger, Ulrike and Stone, Timothy C and Jones, Lesley and Holmans, Peter and Plagnol, Vincent and Tabrizi, Sarah J},
  journal={Human molecular genetics},
  volume={25},
  number={14},
  pages={2893--2904},
  year={2016},
  publisher={Oxford University Press}
}

@article{Allen,
  title={Human whole genome genotype and transcriptome data for Alzheimer’s and other neurodegenerative diseases},
  author={Allen, Mariet and Carrasquillo, Minerva M and Funk, Cory and Heavner, Benjamin D and Zou, Fanggeng and Younkin, Curtis S and Burgess, Jeremy D and Chai, High-Seng and Crook, Julia and Eddy, James A and others},
  journal={Scientific data},
  volume={3},
  pages={160089},
  year={2016},
  publisher={Nature Publishing Group}
}

@article{Soreq,
  title={Long non-coding RNA and alternative splicing modulations in Parkinson's leukocytes identified by RNA sequencing},
  author={Soreq, Lilach and Guffanti, Alessandro and Salomonis, Nathan and Simchovitz, Alon and Israel, Zvi and Bergman, Hagai and Soreq, Hermona},
  journal={PLoS computational biology},
  volume={10},
  number={3},
  pages={e1003517},
  year={2014},
  publisher={Public Library of Science}
}

@article{Keren,
  title={Alternative splicing and evolution: diversification, exon definition and function},
  author={Keren, Hadas and Lev-Maor, Galit and Ast, Gil},
  journal={Nature Reviews Genetics},
  volume={11},
  number={5},
  pages={345},
  year={2010},
  publisher={Nature Publishing Group}
}

@article{Byron,
  title={Translating RNA sequencing into clinical diagnostics: opportunities and challenges},
  author={Byron, Sara A and Van Keuren-Jensen, Kendall R and Engelthaler, David M and Carpten, John D and Craig, David W},
  journal={Nature Reviews Genetics},
  volume={17},
  number={5},
  pages={257},
  year={2016},
  publisher={Nature Publishing Group}
}

@article{Chapter1,
  title={Sanger DNA sequencing},
  author={Men, Artem E and Wilson, Peter and Siemering, Kirby and Forrest, Susan},
  journal={Next Generation Genome Sequencing: Towards Personalized Medicine},
  pages={1--11},
  year={2008},
  publisher={Wiley Online Library}
}

@article{Subramanian,
  title={Gene set enrichment analysis: a knowledge-based approach for interpreting genome-wide expression profiles},
  author={Subramanian, Aravind and Tamayo, Pablo and Mootha, Vamsi K and Mukherjee, Sayan and Ebert, Benjamin L and Gillette, Michael A and Paulovich, Amanda and Pomeroy, Scott L and Golub, Todd R and Lander, Eric S and others},
  journal={Proceedings of the National Academy of Sciences},
  volume={102},
  number={43},
  pages={15545--15550},
  year={2005},
  publisher={National Acad Sciences}
}

@article{Shendure,
  title={The beginning of the end for microarrays?},
  author={Shendure, Jay},
  journal={Nature methods},
  volume={5},
  number={7},
  pages={585},
  year={2008},
  publisher={Nature Publishing Group}
}

@article{Twine,
  title={Whole transcriptome sequencing reveals gene expression and splicing differences in brain regions affected by Alzheimer's disease},
  author={Twine, Natalie A and Janitz, Karolina and Wilkins, Marc R and Janitz, Michal},
  journal={PloS one},
  volume={6},
  number={1},
  pages={e16266},
  year={2011},
  publisher={Public Library of Science}
}

@article{Chen,
  title={Reversal of cancer gene expression correlates with drug efficacy and reveals therapeutic targets},
  author={Chen, Bin and Ma, Li and Paik, Hyojung and Sirota, Marina and Wei, Wei and Chua, Mei-Sze and So, Samuel and Butte, Atul J},
  journal={Nature communications},
  volume={8},
  pages={16022},
  year={2017},
  publisher={Nature Publishing Group}
}

@article{Newman,
  title={Determining cell type abundance and expression from bulk tissues with digital cytometry},
  author={Newman, Aaron M and Steen, Chlo{\'e} B and Liu, Chih Long and Gentles, Andrew J and Chaudhuri, Aadel A and Scherer, Florian and Khodadoust, Michael S and Esfahani, Mohammad S and Luca, Bogdan A and Steiner, David and others},
  journal={Nature biotechnology},
  volume={37},
  number={7},
  pages={773--782},
  year={2019},
  publisher={Nature Publishing Group}
}

@Manual{R,
  title = {R: A Language and Environment for Statistical Computing},
  author = {{R Core Team}},
  organization = {R Foundation for Statistical Computing},
  address = {Vienna, Austria},
  year = {2019},
  url = {https://www.R-project.org/},
}

@Manual{RStudio,
  title = {RStudio: Integrated Development Environment for R},
  author = {{RStudio Team}},
  organization = {RStudio, Inc.},
  address = {Boston, MA},
  year = {2019},
  url = {http://www.rstudio.com/},
}

@Article{GEOquery,
    author = {Sean Davis and Paul Meltzer},
    title = {GEOquery: a bridge between the Gene Expression Omnibus (GEO) and BioConductor},
    journal = {Bioinformatics},
    year = {2007},
    volume = {14},
    pages = {1846--1847},
  }
  
  @article{GEO,
  title={NCBI GEO: mining millions of expression profiles—database and tools},
  author={Barrett, Tanya and Suzek, Tugba O and Troup, Dennis B and Wilhite, Stephen E and Ngau, Wing-Chi and Ledoux, Pierre and Rudnev, Dmitry and Lash, Alex E and Fujibuchi, Wataru and Edgar, Ron},
  journal={Nucleic acids research},
  volume={33},
  number={suppl\_1},
  pages={D562--D566},
  year={2005},
  publisher={Oxford University Press}
}

@article{bioConductor,
  title={Bioconductor: open software development for computational biology and bioinformatics},
  author={Gentleman, Robert C and Carey, Vincent J and Bates, Douglas M and Bolstad, Ben and Dettling, Marcel and Dudoit, Sandrine and Ellis, Byron and Gautier, Laurent and Ge, Yongchao and Gentry, Jeff and others},
  journal={Genome biology},
  volume={5},
  number={10},
  pages={1--16},
  year={2004},
  publisher={Springer}
}

@Article{biomart,
    title = {Mapping identifiers for the integration of genomic datasets with the R/Bioconductor package biomaRt},
    author = {Steffen Durinck and Paul T. Spellman and Ewan Birney and Wolfgang Huber},
    journal = {Nature Protocols},
    year = {2009},
    volume = {4},
    pages = {1184--1191},
  }
  
@Manual{preprocessCore,
  title = {preprocessCore: A collection of pre-processing functions},
  author = {Ben Bolstad},
  year = {2019},
  note = {R package version 1.48.0},
  url = {https://github.com/bmbolstad/preprocessCore},
}
  
@article{sva,
  title={The sva package for removing batch effects and other unwanted variation in high-throughput experiments},
  author={Leek, Jeffrey T and Johnson, W Evan and Parker, Hilary S and Jaffe, Andrew E and Storey, John D},
  journal={Bioinformatics},
  volume={28},
  number={6},
  pages={882--883},
  year={2012},
  publisher={Oxford University Press}
}

@article{leek,
  title={Tackling the widespread and critical impact of batch effects in high-throughput data},
  author={Leek, Jeffrey T and Scharpf, Robert B and Bravo, H{\'e}ctor Corrada and Simcha, David and Langmead, Benjamin and Johnson, W Evan and Geman, Donald and Baggerly, Keith and Irizarry, Rafael A},
  journal={Nature Reviews Genetics},
  volume={11},
  number={10},
  pages={733--739},
  year={2010},
  publisher={Nature Publishing Group}
}

@article{paatero,
  title={Positive matrix factorization: A non-negative factor model with optimal utilization of error estimates of data values},
  author={Paatero, Pentti and Tapper, Unto},
  journal={Environmetrics},
  volume={5},
  number={2},
  pages={111--126},
  year={1994},
  publisher={Wiley Online Library}
}

@article{lee,
  title={Learning the parts of objects by non-negative matrix factorization},
  author={Lee, Daniel D and Seung, H Sebastian},
  journal={Nature},
  volume={401},
  number={6755},
  pages={788--791},
  year={1999},
  publisher={Nature Publishing Group}
}

@misc{gillis,
      title={The Why and How of Nonnegative Matrix Factorization}, 
      author={Nicolas Gillis},
      year={2014},
      eprint={1401.5226},
      archivePrefix={arXiv},
      primaryClass={stat.ML}
}

@article{nmf,
  title={Nonnegative matrix factorization: an analytical and interpretive tool in computational biology},
  author={Devarajan, Karthik},
  journal={PLoS Comput Biol},
  volume={4},
  number={7},
  pages={e1000029},
  year={2008},
  publisher={Public Library of Science}
}

@article{dundar,
  title={Introduction to differential gene expression analysis using RNA-seq},
  author={D{\"u}ndar, Friederike and Skrabanek, Luce and Zumbo, Paul},
  journal={Appl. Bioinformatics},
  pages={1--67},
  year={2015}
}

@Manual{msigdbr,
    title = {msigdbr: MSigDB Gene Sets for Multiple Organisms in a Tidy Data Format},
    author = {Igor Dolgalev},
    year = {2020},
    note = {R package version 7.1.1},
    url = {https://CRAN.R-project.org/package=msigdbr},
  }
  
  @Article{clusterprofiler,
    title = {clusterProfiler: an R package for comparing biological themes among gene clusters},
    author = {Guangchuang Yu and Li-Gen Wang and Yanyan Han and Qing-Yu He},
    journal = {OMICS: A Journal of Integrative Biology},
    year = {2012},
    volume = {16},
    number = {5},
    pages = {284-287},
    pmid = {22455463},
    doi = {10.1089/omi.2011.0118},
  }
  
 @article{yu,
  title={Functional similarity analysis of human virus-encoded miRNAs},
  author={Yu, Guangchuang and He, Qing-Yu},
  journal={Journal of clinical bioinformatics},
  volume={1},
  number={1},
  pages={1--7},
  year={2011},
  publisher={Springer}
}

@article{GO,
  title={Gene ontology: tool for the unification of biology},
  author={Ashburner, Michael and Ball, Catherine A and Blake, Judith A and Botstein, David and Butler, Heather and Cherry, J Michael and Davis, Allan P and Dolinski, Kara and Dwight, Selina S and Eppig, Janan T and others},
  journal={Nature genetics},
  volume={25},
  number={1},
  pages={25--29},
  year={2000},
  publisher={Nature Publishing Group}
}

@article{kegg,
  title={KEGG for representation and analysis of molecular networks involving diseases and drugs},
  author={Kanehisa, Minoru and Goto, Susumu and Furumichi, Miho and Tanabe, Mao and Hirakawa, Mika},
  journal={Nucleic acids research},
  volume={38},
  number={suppl\_1},
  pages={D355--D360},
  year={2010},
  publisher={Oxford University Press}
}

@Manual{enrichplot,
    title = {enrichplot: Visualization of Functional Enrichment Result},
    author = {Guangchuang Yu},
    year = {2019},
    note = {R package version 1.6.1},
    url = {https://github.com/GuangchuangYu/enrichplot},
  }
  
  @article{fgsea,
  title={An algorithm for fast preranked gene set enrichment analysis using cumulative statistic calculation},
  author={Sergushichev, Alexey A},
  journal={BioRxiv},
  pages={060012},
  year={2016},
  publisher={Cold Spring Harbor Laboratory}
}

@article{ora,
  title={GO:: TermFinder—open source software for accessing Gene Ontology information and finding significantly enriched Gene Ontology terms associated with a list of genes},
  author={Boyle, Elizabeth I and Weng, Shuai and Gollub, Jeremy and Jin, Heng and Botstein, David and Cherry, J Michael and Sherlock, Gavin},
  journal={Bioinformatics},
  volume={20},
  number={18},
  pages={3710--3715},
  year={2004},
  publisher={Oxford University Press}
}

@Book{ggplot2,
    author = {Hadley Wickham},
    title = {ggplot2: Elegant Graphics for Data Analysis},
    publisher = {Springer-Verlag New York},
    year = {2016},
    isbn = {978-3-319-24277-4},
    url = {https://ggplot2.tidyverse.org},
  }
  
  @Article{pharmacogx,
    title = {PharmacoGx: an R package for analysis of large pharmacogenomic datasets},
    author = {P Smirnov and Z Safikhani and N El-Hachem and D Wang and A She and C Olsen and M Freeman and H Selby and D Gendoo and P Grossman and A Beck and H Aerts and M Lupien and A Goldenberg ,B Haibe-Kains},
    journal = {Bioinformatics (Oxford, England)},
    year = {2016},
  }
  
@article{lamb,
  title={The Connectivity Map: using gene-expression signatures to connect small molecules, genes, and disease},
  author={Lamb, Justin and Crawford, Emily D and Peck, David and Modell, Joshua W and Blat, Irene C and Wrobel, Matthew J and Lerner, Jim and Brunet, Jean-Philippe and Subramanian, Aravind and Ross, Kenneth N and others},
  journal={science},
  volume={313},
  number={5795},
  pages={1929--1935},
  year={2006},
  publisher={American Association for the Advancement of Science}
}

 @Manual{bretigea,
    title = {BRETIGEA: Brain Cell Type Specific Gene Expression Analysis},
    author = {Andrew McKenzie and Minghui Wang and Bin Zhang},
    year = {2018},
    note = {R package version 1.0.0},
    url = {https://CRAN.R-project.org/package=BRETIGEA},
  }
  
@article{mckenzie,
  title={Brain cell type specific gene expression and co-expression network architectures},
  author={McKenzie, Andrew T and Wang, Minghui and Hauberg, Mads E and Fullard, John F and Kozlenkov, Alexey and Keenan, Alexandra and Hurd, Yasmin L and Dracheva, Stella and Casaccia, Patrizia and Roussos, Panos and others},
  journal={Scientific reports},
  volume={8},
  number={1},
  pages={1--19},
  year={2018},
  publisher={Nature Publishing Group}
}

@Inbook{Steen,
author="Steen, Chlo{\'e} B. and Liu, Chih Long and Alizadeh, Ash A. and Newman, Aaron M.",
title="Profiling Cell Type Abundance and Expression in Bulk Tissues with CIBERSORTx",
bookTitle="Stem Cell Transcriptional Networks: Methods and Protocols",
year="2020",
publisher="Springer US",
address="New York, NY",
pages="135--157",
isbn="978-1-0716-0301-7",
doi="10.1007/978-1-0716-0301-7_7",
url="https://doi.org/10.1007/978-1-0716-0301-7_7"
}

@article{Marras,
  title={Prevalence of Parkinson’s disease across North America},
  author={Marras, Connie and Beck, John C. and Bower, James H. and Roberts, Eric and Ritz, Beate and Ross, G. Webster and Abbott, Robert D. and Savica, Rodolfo and Van Den Eeden, Stephen K. and Willis, Allison W. and Tanner, Caroline M.},
  journal={NPJ Parkinson's disease},
  volume={4},
  number={1},
  pages={21},
  year={2018},
  publisher={Nature Publishing Group}
}

@article{PringsheimHD,
  title={The incidence and prevalence of Huntington's disease: a systematic review and meta-analysis},
  author={Pringsheim, Tamara and Wiltshire, Katie and Day, Lundy and Dykeman, Jonathan and Steeves, Thomas and Jette, Nathalie},
  journal={Movement Disorders},
  volume={27},
  number={9},
  pages={1083--1091},
  year={2012},
  publisher={Wiley Online Library}
}

@misc{Prokob,
  author        = {Prokop, Jeremy W},
  title         = {Lecture Series in GWAS Analysis},
  month         = {November},
  year          = {2018},
  publisher={Prokop Lab at Michigan State University}
}

@misc{Gitler,
  title={Neurodegenerative disease: models, mechanisms, and a new hope},
  author={Gitler, Aaron D and Dhillon, Paraminder and Shorter, James},
  year={2017},
  publisher={The Company of Biologists Ltd}
}

@article{WAR,
  title={World Alzheimer report 2016: improving healthcare for people living with dementia: coverage, quality and costs now and in the future},
  author={Prince, Martin and Comas-Herrera, Adelina and Knapp, Martin and Guerchet, Ma{\"e}lenn and Karagiannidou, Maria},
  year={2016},
  journal= {Alzheimer’s Disease International},
  publisher= {The London School of Economics and Political Science}
}

@article{Gipson,
  title={Aberrantly spliced HTT, a new player in Huntington’s disease pathogenesis},
  author={Gipson, Theresa A and Neueder, Andreas and Wexler, Nancy S and Bates, Gillian P and Housman, David},
  journal={RNA biology},
  volume={10},
  number={11},
  pages={1647--1652},
  year={2013},
  publisher={Taylor \& Francis}
}

@article{Rocca,
  title={The burden of Parkinson's disease: a worldwide perspective},
  author={Rocca, Walter A},
  journal={The Lancet Neurology},
  volume={17},
  number={11},
  pages={928--929},
  year={2018},
  publisher={Elsevier}
}

@article{Rawlins,
  title={The prevalence of Huntington's disease},
  author={Rawlins, Michael D and Wexler, Nancy S and Wexler, Alice R and Tabrizi, Sarah J and Douglas, Ian and Evans, Stephen JW and Smeeth, Liam},
  journal={Neuroepidemiology},
  volume={46},
  number={2},
  pages={144--153},
  year={2016},
  publisher={Karger Publishers}
}

@article{Bras,
  title={Use of next-generation sequencing and other whole-genome strategies to dissect neurological disease},
  author={Bras, Jose and Guerreiro, Rita and Hardy, John},
  journal={Nature Reviews Neuroscience},
  volume={13},
  number={7},
  pages={453},
  year={2012},
  publisher={Nature Publishing Group}
}

@article{Annese,
  title={Whole transcriptome profiling of Late-Onset Alzheimer’s Disease patients provides insights into the molecular changes involved in the disease},
  author={Annese, Anita and Manzari, Caterina and Lionetti, Claudia and Picardi, Ernesto and Horner, David S and Chiara, Matteo and Caratozzolo, Mariano Francesco and Tullo, Apollonia and Fosso, Bruno and Pesole, Graziano and others},
  journal={Scientific reports},
  volume={8},
  number={1},
  pages={4282},
  year={2018},
  publisher={Nature Publishing Group}
}

@article{Hook,
  title={Single-cell RNA-seq of mouse dopaminergic neurons informs candidate gene selection for sporadic Parkinson disease},
  author={Hook, Paul W and McClymont, Sarah A and Cannon, Gabrielle H and Law, William D and Morton, A Jennifer and Goff, Loyal A and McCallion, Andrew S},
  journal={The American Journal of Human Genetics},
  volume={102},
  number={3},
  pages={427--446},
  year={2018},
  publisher={Elsevier}
}

@article{Bennett,
  title={RNA-sequencing reveals similarities and differences in gene expression in vulnerable brain tissues of Alzheimer’s and Parkinson’s diseases},
  author={Bennett, James P and Keeney, Paula M},
  journal={Journal of Alzheimer's disease reports},
  volume={2},
  number={1},
  pages={129--137},
  year={2018},
  publisher={IOS Press}
}

@article{Li,
  title={Prioritizing Parkinson’s Disease genes using population-scale transcriptomic data},
  author={Li, Yang I and Wong, Garrett and Humphrey, Jack and Raj, Towfique},
  journal={Nature communications},
  volume={10},
  number={1},
  pages={994},
  year={2019},
  publisher={Nature Publishing Group}
}

@article{gwascat,
  title={The NHGRI-EBI GWAS Catalog of published genome-wide association studies, targeted arrays and summary statistics 2019},
  author={Buniello, Annalisa and MacArthur, Jacqueline A L and Cerezo, Maria and Harris, Laura W and Hayhurst, James and Malangone, Cinzia and McMahon, Aoife and Morales, Joannella and Mountjoy, Edward and Sollis, Elliot and others},
  journal={Nucleic acids research},
  volume={47},
  number={D1},
  pages={D1005--D1012},
  year={2019},
  publisher={Oxford University Press}
}

@article{snipa,
  title={SNiPA: an interactive, genetic variant-centered annotation browser},
  author={Arnold, Matthias and Raffler, Johannes and Pfeufer, Arne and Suhre, Karsten and Kastenm{\"u}ller, Gabi},
  journal={Bioinformatics},
  volume={31},
  number={8},
  pages={1334--1336},
  year={2015},
  publisher={Oxford University Press}
}

@article{polyphen,
  title={A method and server for predicting damaging missense mutations},
  author={Adzhubei, Ivan A and Schmidt, Steffen and Peshkin, Leonid and Ramensky, Vasily E and Gerasimova, Anna and Bork, Peer and Kondrashov, Alexey S and Sunyaev, Shamil R},
  journal={Nature methods},
  volume={7},
  number={4},
  pages={248--249},
  year={2010},
  publisher={Nature Publishing Group}
}

@article{regulomedb,
  title={Annotation of functional variation in personal genomes using RegulomeDB},
  author={Boyle, Alan P and Hong, Eurie L and Hariharan, Manoj and Cheng, Yong and Schaub, Marc A and Kasowski, Maya and Karczewski, Konrad J and Park, Julie and Hitz, Benjamin C and Weng, Shuai and others},
  journal={Genome research},
  volume={22},
  number={9},
  pages={1790--1797},
  year={2012},
  publisher={Cold Spring Harbor Lab}
}

@article{encode,
  title={An integrated encyclopedia of DNA elements in the human genome},
  author={ENCODE Project Consortium and others},
  journal={Nature},
  volume={489},
  number={7414},
  pages={57},
  year={2012},
  publisher={Nature Publishing Group}
}

@misc{AIBS,
  author = {Allen Institute for Brain Science.},
  title = { Aging, Dementia and TBI},
  year = {2016},
  url = {https://aging.brain-map.org/download/index}
}

@article{BMC-PD,
  title={Common gene expression signatures in Parkinson’s disease are driven by changes in cell composition},
  author={Nido, Gonzalo S and Dick, Fiona and Toker, Lilah and Petersen, Kjell and Alves, Guido and Tysnes, Ole-Bj{\o}rn and Jonassen, Inge and Haugarvoll, Kristoffer and Tzoulis, Charalampos},
  journal={Acta neuropathologica communications},
  volume={8},
  pages={1--14},
  year={2020},
  publisher={Springer}
}

@article{bolstad,
  title={A comparison of normalization methods for high density oligonucleotide array data based on variance and bias},
  author={Bolstad, Benjamin M and Irizarry, Rafael A and {\AA}strand, Magnus and Speed, Terence P.},
  journal={Bioinformatics},
  volume={19},
  number={2},
  pages={185--193},
  year={2003},
  publisher={Oxford University Press}
}

@article{pannet,
  title={Metagenes and molecular pattern discovery using matrix factorization},
  author={Brunet, Jean-Philippe and Tamayo, Pablo and Golub, Todd R and Mesirov, Jill P},
  journal={Proceedings of the national academy of sciences},
  volume={101},
  number={12},
  pages={4164--4169},
  year={2004},
  publisher={National Acad Sciences}
}

@article{ebayes,
  title={Robust hyperparameter estimation protects against hypervariable genes and improves power to detect differential expression},
  author={Phipson, Belinda and Lee, Stanley and Majewski, Ian J and Alexander, Warren S and Smyth, Gordon K},
  journal={The annals of applied statistics},
  volume={10},
  number={2},
  pages={946},
  year={2016},
  publisher={NIH Public Access}
}

@article{newman15,
  title={Robust enumeration of cell subsets from tissue expression profiles},
  author={Newman, Aaron M and Liu, Chih Long and Green, Michael R and Gentles, Andrew J and Feng, Weiguo and Xu, Yue and Hoang, Chuong D and Diehn, Maximilian and Alizadeh, Ash A},
  journal={Nature methods},
  volume={12},
  number={5},
  pages={453--457},
  year={2015},
  publisher={Nature Publishing Group}
}

@article{clancy,
  title={Copy number variation},
  author={Clancy, S},
  journal={Nature Education},
  volume={1},
  number={1},
  pages={95},
  year={2008}
}

@article{gencode,
  title={GENCODE reference annotation for the human and mouse genomes},
  author={Frankish, Adam and Diekhans, Mark and Ferreira, Anne-Maud and Johnson, Rory and Jungreis, Irwin and Loveland, Jane and Mudge, Jonathan M and Sisu, Cristina and Wright, James and Armstrong, Joel and others},
  journal={Nucleic acids research},
  volume={47},
  number={D1},
  pages={D766--D773},
  year={2019},
  publisher={Oxford University Press}
}

@Manual{cnplots,
    title = {CopyNumberPlots: Create Copy-Number Plots using karyoploteR functionality},
    author = {Bernat Gel and Miriam Magallon},
    year = {2019},
    note = {R package version 1.2.3},
    url = {https://github.com/bernatgel/CopyNumberPlots},
  }
  
@article{karyoploter,
  title={karyoploteR: an R/Bioconductor package to plot customizable genomes displaying arbitrary data},
  author={Gel, Bernat and Serra, Eduard},
  journal={Bioinformatics},
  volume={33},
  number={19},
  pages={3088--3090},
  year={2017},
  publisher={Oxford University Press}
}

@Manual{pheatmap,
    title = {pheatmap: Pretty Heatmaps},
    author = {Raivo Kolde},
    year = {2019},
    note = {R package version 1.0.12},
    url = {https://CRAN.R-project.org/package=pheatmap},
  }

@article{bryois,
  title={Genetic identification of cell types underlying brain complex traits yields insights into the etiology of Parkinson’s disease},
  author={Bryois, Julien and Skene, Nathan G and Hansen, Thomas Folkmann and Kogelman, Lisette JA and Watson, Hunna J and Liu, Zijing and Brueggeman, Leo and Breen, Gerome and Bulik, Cynthia M and Arenas, Ernest and others},
  journal={Nature genetics},
  volume={52},
  number={5},
  pages={482--493},
  year={2020},
  publisher={Nature Publishing Group}
}

@incollection{bookHD,
  title={Gene expression-based approaches to understanding huntington’s disease and new tools for the interpretation of expression datasets},
  author={Kuhn, Alexandre and Capurro, Alberto and Luthi-Carter, Ruth},
  booktitle={Applied Neurogenomics},
  pages={61--91},
  year={2015},
  publisher={Springer}
}


@article{ekonomou,
  title={Stage-specific changes in neurogenic and glial markers in Alzheimer’s disease},
  author={Ekonomou, Antigoni and Savva, George M and Brayne, Carol and Forster, Gillian and Francis, Paul T and Johnson, Mary and Perry, Elaine K and Attems, Johannes and Somani, Alyma and Minger, Stephen L and others},
  journal={Biological psychiatry},
  volume={77},
  number={8},
  pages={711--719},
  year={2015},
  publisher={Elsevier}
}

@article{lepiscopo,
  title={Combining nitric oxide release with anti-inflammatory activity preserves nigrostriatal dopaminergic innervation and prevents motor impairment in a 1-methyl-4-phenyl-1, 2, 3, 6-tetrahydropyridine model of Parkinson's disease},
  author={L'Episcopo, Francesca and Tirolo, Cataldo and Caniglia, Salvatore and Testa, Nunzio and Serra, Pier A and Impagnatiello, Francesco and Morale, Maria C and Marchetti, Bianca},
  journal={Journal of neuroinflammation},
  volume={7},
  number={1},
  pages={1--21},
  year={2010},
  publisher={Springer}
}

@article{carroll,
  title={Simvastatin as a neuroprotective treatment for Parkinson’s disease (PD STAT): protocol for a double-blind, randomised, placebo-controlled futility study},
  author={Carroll, Camille B and Webb, Douglas and Stevens, Kara Nicola and Vickery, Jane and Eyre, Vicky and Ball, Susan and Wyse, Richard and Webber, Mike and Foggo, Andy and Zajicek, John and others},
  journal={BMJ open},
  volume={9},
  number={10},
  pages={e029740},
  year={2019},
  publisher={British Medical Journal Publishing Group}
}

@article{mometasona,
  title={MalaCards: an integrated compendium for diseases and their annotation},
  author={Rappaport, Noa and Nativ, Noam and Stelzer, Gil and Twik, Michal and Guan-Golan, Yaron and Iny Stein, Tsippi and Bahir, Iris and Belinky, Frida and Morrey, C Paul and Safran, Marilyn and others},
  journal={Database},
  volume={2013},
  year={2013},
  publisher={Oxford Academic}
}

@article{abdanipour,
  title={Evaluation of lovastatin effects on expression of anti-apoptotic Nrf2 and PGC-1$\alpha$ genes in neural stem cells treated with hydrogen peroxide},
  author={Abdanipour, Alireza and Tiraihi, Taki and Noori-Zadeh, Ali and Majdi, Arezo and Gosaili, Ramin},
  journal={Molecular neurobiology},
  volume={49},
  number={3},
  pages={1364--1372},
  year={2014},
  publisher={Springer}
}

@article{schultz,
  title={Statin use and delayed onset of Huntington's disease},
  author={Schultz, Jordan L and Nopoulos, Peg C and Killoran, Annie and Kamholz, John A},
  journal={Movement Disorders},
  volume={34},
  number={2},
  pages={281--285},
  year={2019},
  publisher={Wiley Online Library}
}

@article{cong,
  title={Amitriptyline improves motor function via enhanced neurotrophin signaling and mitochondrial functions in the murine N171-82Q Huntington disease model},
  author={Cong, Wei-Na and Chadwick, Wayne and Wang, Rui and Daimon, Caitlin M and Cai, Huan and Amma, Jennifer and Wood III, William H and Becker, Kevin G and Martin, Bronwen and Maudsley, Stuart},
  journal={Journal of Biological Chemistry},
  volume={290},
  number={5},
  pages={2728--2743},
  year={2015},
  publisher={Elsevier}
}

@article{aleyasin,
  title={Antihelminthic benzimidazoles are novel HIF activators that prevent oxidative neuronal death via binding to tubulin},
  author={Aleyasin, Hossein and Karuppagounder, Saravanan S and Kumar, Amit and Sleiman, Sama and Basso, Manuela and Ma, Thong and Siddiq, Ambreena and Chinta, Shankar J and Brochier, Camille and Langley, Brett and others},
  journal={Antioxidants \& redox signaling},
  volume={22},
  number={2},
  pages={121--134},
  year={2015},
  publisher={Mary Ann Liebert, Inc. 140 Huguenot Street, 3rd Floor New Rochelle, NY 10801 USA}
}

@article{wong,
  title={Blocking acid-sensing ion channel 1 alleviates Huntington's disease pathology via an ubiquitin-proteasome system-dependent mechanism},
  author={Wong, Hon Kit and Bauer, Peter O and Kurosawa, Masaru and Goswami, Anand and Washizu, Chika and Machida, Yoko and Tosaki, Asako and Yamada, Mizuki and Kn{\"o}pfel, Thomas and Nakamura, Takemichi and others},
  journal={Human molecular genetics},
  volume={17},
  number={20},
  pages={3223--3235},
  year={2008},
  publisher={Oxford University Press}
}

@article{lidow,
  title={A common action of clozapine, haloperidol, and remoxipride on D1-and D2-dopaminergic receptors in the primate cerebral cortex},
  author={Lidow, Michael S and Goldman-Rakic, Patricia S},
  journal={Proceedings of the National Academy of Sciences},
  volume={91},
  number={10},
  pages={4353--4356},
  year={1994},
  publisher={National Acad Sciences}
}

@article{hu,
  title={Human disease-drug network based on genomic expression profiles},
  author={Hu, Guanghui and Agarwal, Pankaj},
  journal={PloS one},
  volume={4},
  number={8},
  pages={e6536},
  year={2009},
  publisher={Public Library of Science}
}

@article{azevedo,
  title={Clinical and molecular genetics of the phosphodiesterases (PDEs)},
  author={Azevedo, Monalisa F and Faucz, Fabio R and Bimpaki, Eirini and Horvath, Anelia and Levy, Isaac and de Alexandre, Rodrigo B and Ahmad, Faiyaz and Manganiello, Vincent and Stratakis, Constantine A},
  journal={Endocrine reviews},
  volume={35},
  number={2},
  pages={195--233},
  year={2014},
  publisher={Oxford University Press}
}

@article{choudhary,
  title={Plants and phytochemicals for Huntington's disease},
  author={Choudhary, Sunayna and Kumar, Puneet and Malik, Jai},
  journal={Pharmacognosy Reviews},
  volume={7},
  number={14},
  pages={81},
  year={2013},
  publisher={Wolters Kluwer--Medknow Publications}
}

@article{dasilva,
  title={Plasma nutrient status of patients with Alzheimer's disease: systematic review and meta-analysis},
  author={da Silva, Sofia Lopes and Vellas, Bruno and Elemans, Saskia and Luchsinger, Jos{\'e} and Kamphuis, Patrick and Yaffe, Kristine and Sijben, John and Groenendijk, Martine and Stijnen, Theo},
  journal={Alzheimer's \& Dementia},
  volume={10},
  number={4},
  pages={485--502},
  year={2014},
  publisher={Elsevier}
}

@article{shi,
  title={Bis (9)-(-)-Meptazinol, a novel dual-binding AChE inhibitor, rescues cognitive deficits and pathological changes in APP/PS1 transgenic mice},
  author={Shi, Yuhuan and Huang, Wanying and Wang, Yu and Zhang, Rui and Hou, Lina and Xu, Jianrong and Qiu, Zhuibai and Xie, Qiong and Chen, Hongzhuan and Zhang, Yongfang and others},
  journal={Translational neurodegeneration},
  volume={7},
  number={1},
  pages={1--11},
  year={2018},
  publisher={BioMed Central}
}

@article{kotilinek,
  title={Cyclooxygenase-2 inhibition improves amyloid-$\beta$-mediated suppression of memory and synaptic plasticity},
  author={Kotilinek, Linda A and Westerman, Marcus A and Wang, Qinwen and Panizzon, Kimberly and Lim, Giselle P and Simonyi, Agnes and Lesne, Sylvain and Falinska, Agnieszka and Younkin, Linda H and Younkin, Steven G and others},
  journal={Brain},
  volume={131},
  number={3},
  pages={651--664},
  year={2008},
  publisher={Oxford University Press}
}

@article{deka,
  title={Role of Cinnarizine in Peripheral Vertigo},
  author={Deka, CVR},
  journal={Vertigo Viewpoint},
  volume={4},
  number={1},
  pages={2--4},
  year={2006}
}

@article{zhang2018,
  title={An update on vinpocetine: new discoveries and clinical implications},
  author={Zhang, Yi-shuai and Li, Jian-dong and Yan, Chen},
  journal={European journal of pharmacology},
  volume={819},
  pages={30--34},
  year={2018},
  publisher={Elsevier}
}

@article{chuang,
  title={Use of diuretics is associated with reduced risk of Alzheimer's disease: the Cache County Study},
  author={Chuang, Yi-Fang and Breitner, John CS and Chiu, Yen-Ling and Khachaturian, Ara and Hayden, Kathleen and Corcoran, Chris and Tschanz, JoAnn and Norton, Maria and Munger, Ron and Welsh-Bohmer, Kathleen and others},
  journal={Neurobiology of aging},
  volume={35},
  number={11},
  pages={2429--2435},
  year={2014},
  publisher={Elsevier}
}

@article{choi,
  title={A genome-wide screen for human salicylic acid (SA)-binding proteins reveals targets through which SA may influence development of various diseases},
  author={Choi, Hyong Woo and Wang, Lei and Powell, Adrian F and Strickler, Susan R and Wang, Dekai and D’Maris, A Dempsey and Schroeder, Frank C and Klessig, Daniel F},
  journal={Scientific reports},
  volume={9},
  number={1},
  pages={1--14},
  year={2019},
  publisher={Nature Publishing Group}
}

@article{rojo,
  title={Selective interaction of lansoprazole and astemizole with tau polymers: potential new clinical use in diagnosis of Alzheimer's disease},
  author={Rojo, Leonel E and Alzate-Morales, Jans and Saavedra, Iv{\'a}n N and Davies, Peter and Maccioni, Ricardo B},
  journal={Journal of Alzheimer's Disease},
  volume={19},
  number={2},
  pages={573--589},
  year={2010},
  publisher={IOS Press}
}

@article{cummings,
  title={Guidelines for managing Alzheimer's disease: Part II. Treatment},
  author={Cummings, Jeffrey L and Frank, Janet C and Cherry, Debra and Kohatsu, Neal D and Kemp, Bryan and Hewett, Linda and Mittman, Brian},
  journal={American family physician},
  volume={65},
  number={12},
  pages={2525},
  year={2002}
}

@article{ali,
  title={Recommendations for anti-inflammatory treatments in Alzheimer’s disease: a comprehensive review of the literature},
  author={Ali, Muhammad Mohsin and Ghouri, Raza G and Ans, Armghan H and Akbar, Arshia and Toheed, Ahmed},
  journal={Cureus},
  volume={11},
  number={5},
  year={2019},
  publisher={Cureus Inc.}
}

@article{politis,
  title={Vitamin B12 levels in Alzheimer's disease: association with clinical features and cytokine production},
  author={Politis, Antonis and Olgiati, Paolo and Malitas, Petros and Albani, Diego and Signorini, Alessandra and Polito, Letizia and De Mauro, Stefania and Zisaki, Aikaterini and Piperi, Christina and Stamouli, Evangelia and others},
  journal={Journal of Alzheimer's Disease},
  volume={19},
  number={2},
  pages={481--488},
  year={2010},
  publisher={IOS Press}
}

@article{ortiz,
  title={Proton pump inhibitors and dementia: physiopathological mechanisms and clinical consequences},
  author={Ortiz-Guerrero, Gloria and Amador-Mu{\~n}oz, Diana and Calder{\'o}n-Ospina, Carlos Alberto and L{\'o}pez-Fuentes, Daniel and Nava Mesa, Mauricio Orlando},
  journal={Neural plasticity},
  volume={2018},
  year={2018},
  publisher={Hindawi}
}

@article{chandra,
  title={Gemfibrozil, a lipid-lowering drug, lowers amyloid plaque pathology and enhances memory in a mouse model of Alzheimer’s disease via peroxisome proliferator-activated receptor $\alpha$},
  author={Chandra, Sujyoti and Pahan, Kalipada},
  journal={Journal of Alzheimer's disease reports},
  volume={3},
  number={1},
  pages={149--168},
  year={2019},
  publisher={IOS Press}
}

@article{aghsami,
  title={A cAMP analog attenuates beta-amyloid (1--42)-induced mitochondrial dysfunction and spatial learning and memory deficits},
  author={Aghsami, Mehdi and Sharifzadeh, Mohammad and Sepand, Mohammad Reza and Yazdankhah, Meysam and Seyednejad, Seyed Afshin and Pourahmad, Jalal},
  journal={Brain research bulletin},
  volume={140},
  pages={34--42},
  year={2018},
  publisher={Elsevier}
}

@article{vargas,
  title={Alzheimer’s disease master regulators analysis: search for potential molecular targets and drug repositioning candidates},
  author={Vargas, Daiani Machado de and De Bastiani, Marco Ant{\^o}nio and Zimmer, Eduardo Rigon and Klamt, Fabio},
  journal={Alzheimer's research \& therapy},
  volume={10},
  number={1},
  pages={1--12},
  year={2018},
  publisher={BioMed Central}
}

@article{li20,
  title={Action of trichostatin A on Alzheimer’s disease-like pathological changes in SH-SY5Y neuroblastoma cells},
  author={Li, Li-Hua and Peng, Wen-Na and Deng, Yu and Li, Jing-Jing and Tian, Xiang-Rong},
  journal={Neural regeneration research},
  volume={15},
  number={2},
  pages={293},
  year={2020},
  publisher={Wolters Kluwer--Medknow Publications}
}

@article{zhu2015,
  title={Epigenetic modification and its role in Alzheimer's disease},
  author={Zhu, Yi-Ping and Feng, Ya and Liu, Te and Wu, Yun-Cheng},
  journal={Integrative Medicine International},
  volume={2},
  number={1-2},
  pages={63--72},
  year={2015},
  publisher={Karger Publishers}
}

@article{chai2016,
  title={Beta 2-adrenergic receptor activation enhances neurogenesis in Alzheimer's disease mice},
  author={Chai, Gao-shang and Wang, Yang-yang and Yasheng, Amina and Zhao, Peng},
  journal={Neural regeneration research},
  volume={11},
  number={10},
  pages={1617},
  year={2016},
  publisher={Wolters Kluwer--Medknow Publications}
}

@article{wang2020,
  title={Screening and Identification of Potential Peripheral Blood Biomarkers for Alzheimer’s Disease Based on Bioinformatics Analysis},
  author={Wang, Xin and Wang, Lantao},
  journal={Medical Science Monitor: International Medical Journal of Experimental and Clinical Research},
  volume={26},
  pages={e924263--1},
  year={2020},
  publisher={International Scientific Information, Inc.}
}

@misc{cohen,
  title={New therapeutic approaches for treating alzheimer disease},
  author={Cohen, Daniel and Chumakov, Ilya and Nabirochkin, Serguei},
  url={https://patents.google.com/patent/WO2011054759A1/en},
  year={2014},
  month={August},
  publisher={Google Patents},
  note={US 14 / 461,849}
}

@article{gene2drug,
  title={gene2drug: a computational tool for pathway-based rational drug repositioning},
  author={Napolitano, Francesco and Carrella, Diego and Mandriani, Barbara and Pisonero-Vaquero, Sandra and Sirci, Francesco and Medina, Diego L and Brunetti-Pierri, Nicola and Di Bernardo, Diego},
  journal={Bioinformatics},
  volume={34},
  number={9},
  pages={1498--1505},
  year={2018},
  publisher={Oxford University Press}
}

@article{puangmalai,
  title={Internalization mechanisms of brain-derived tau oligomers from patients with Alzheimer’s disease, progressive supranuclear palsy and dementia with Lewy bodies},
  author={Puangmalai, Nicha and Bhatt, Nemil and Montalbano, Mauro and Sengupta, Urmi and Gaikwad, Sagar and Ventura, Frank and McAllen, Salome and Ellsworth, Anna and Garcia, Stephanie and Kayed, Rakez},
  journal={Cell death \& disease},
  volume={11},
  number={5},
  pages={1--16},
  year={2020},
  publisher={Nature Publishing Group}
}

@article{genecards,
  title={The GeneCards suite: from gene data mining to disease genome sequence analyses},
  author={Stelzer, Gil and Rosen, Naomi and Plaschkes, Inbar and Zimmerman, Shahar and Twik, Michal and Fishilevich, Simon and Stein, Tsippi Iny and Nudel, Ron and Lieder, Iris and Mazor, Yaron and others},
  journal={Current protocols in bioinformatics},
  volume={54},
  number={1},
  pages={1--30},
  year={2016},
  publisher={Wiley Online Library}
}


@article{hirsch,
  title={Neuroinflammation in Parkinson's disease},
  author={Hirsch, Etienne C and Vyas, Sheela and Hunot, St{\'e}phane},
  journal={Parkinsonism \& related disorders},
  volume={18},
  pages={S210--S212},
  year={2012},
  publisher={Elsevier}
}

@article{irwin,
  title={The contribution of tau, amyloid-beta and alpha-synuclein pathology to dementia in Lewy body disorders},
  author={Irwin, David J and Hurtig, Howard I},
  journal={Journal of Alzheimer's disease \& Parkinsonism},
  volume={8},
  number={4},
  year={2018},
  publisher={NIH Public Access}
}

@article{colombo,
  title={Astrocytes: key regulators of neuroinflammation},
  author={Colombo, Emanuela and Farina, Cinthia},
  journal={Trends in immunology},
  volume={37},
  number={9},
  pages={608--620},
  year={2016},
  publisher={Elsevier}
}

@article{leng,
  title={Neuroinflammation and microglial activation in Alzheimer disease: where do we go from here?},
  author={Leng, Fangda and Edison, Paul},
  journal={Nature Reviews Neurology},
  pages={1--16},
  year={2020},
  publisher={Nature Publishing Group}
}

@article{brand,
  title={Multinuclear NMR studies on the energy metabolism of glial and neuronal cells},
  author={Brand, A and Richter-Landsberg, C and Leibfritz, D},
  journal={Developmental neuroscience},
  volume={15},
  number={3-5},
  pages={289--298},
  year={1993},
  publisher={Karger Publishers}
}

@article{illarioshkin,
  title={Molecular pathogenesis in Huntington’s disease},
  author={Illarioshkin, SN and Klyushnikov, SA and Vigont, VA and Seliverstov, Yu A and Kaznacheyeva, EV},
  journal={Biochemistry (Moscow)},
  volume={83},
  number={9},
  pages={1030--1039},
  year={2018},
  publisher={Springer}
}

@article{cepeda,
  title={The role of dopamine in Huntington's disease},
  author={Cepeda, Carlos and Murphy, Kerry PS and Parent, Martin and Levine, Michael S},
  journal={Progress in brain research},
  volume={211},
  pages={235--254},
  year={2014},
  publisher={Elsevier}
}


@article{yankner,
  title={Neurotrophic and neurotoxic effects of amyloid beta protein: reversal by tachykinin neuropeptides},
  author={Yankner, Bruce A and Duffy, Lawrence K and Kirschner, Daniel A},
  journal={Science},
  volume={250},
  number={4978},
  pages={279--282},
  year={1990},
  publisher={American Association for the Advancement of Science}
}

@article{iqbal,
  title={Tau pathology in Alzheimer disease and other tauopathies},
  author={Iqbal, Khalid and Alonso, Alejandra del C and Chen, She and Chohan, M Omar and El-Akkad, Ezzat and Gong, Cheng-Xin and Khatoon, Sabiha and Li, Bin and Liu, Fei and Rahman, Abdur and others},
  journal={Biochimica et Biophysica Acta (BBA)-Molecular Basis of Disease},
  volume={1739},
  number={2-3},
  pages={198--210},
  year={2005},
  publisher={Elsevier}
}

@article{mitew,
  title={Focal demyelination in Alzheimer’s disease and transgenic mouse models},
  author={Mitew, Stanislaw and Kirkcaldie, Matthew TK and Halliday, Glenda M and Shepherd, Claire E and Vickers, James C and Dickson, Tracey C},
  journal={Acta neuropathologica},
  volume={119},
  number={5},
  pages={567--577},
  year={2010},
  publisher={Springer}
}

@article{kotzbauer,
  title={Lewy body pathology in Alzheimer’s disease},
  author={Kotzbauer, Paul T and Trojanowski, John Q and Lee, Virginia M-Y},
  journal={Journal of Molecular Neuroscience},
  volume={17},
  number={2},
  pages={225--232},
  year={2001},
  publisher={Springer}
}

@article{eckert,
  title={Mitochondrial dysfunction-the beginning of the end in Alzheimer's disease? Separate and synergistic modes of tau and amyloid-$\beta$ toxicity},
  author={Eckert, Anne and Schmitt, Karen and G{\"o}tz, J{\"u}rgen},
  journal={Alzheimer's research \& therapy},
  volume={3},
  number={2},
  pages={1--11},
  year={2011},
  publisher={BioMed Central}
}

@article{burns,
  title={The pathology of the substantia nigra in Alzheimer disease with extrapyramidal signs},
  author={Burns, JM and Galvin, JE and Roe, CM and Morris, JC and McKeel, DW},
  journal={Neurology},
  volume={64},
  number={8},
  pages={1397--1403},
  year={2005},
  publisher={AAN Enterprises}
}

@article{wishart,
  title={DrugBank 5.0: a major update to the DrugBank database for 2018},
  author={Wishart, David S and Feunang, Yannick D and Guo, An C and Lo, Elvis J and Marcu, Ana and Grant, Jason R and Sajed, Tanvir and Johnson, Daniel and Li, Carin and Sayeeda, Zinat and others},
  journal={Nucleic acids research},
  volume={46},
  number={D1},
  pages={D1074--D1082},
  year={2018},
  publisher={Oxford University Press}
}

@article{patel,
  title={Single-cell RNA-seq highlights intratumoral heterogeneity in primary glioblastoma},
  author={Patel, Anoop P and Tirosh, Itay and Trombetta, John J and Shalek, Alex K and Gillespie, Shawn M and Wakimoto, Hiroaki and Cahill, Daniel P and Nahed, Brian V and Curry, William T and Martuza, Robert L and others},
  journal={Science},
  volume={344},
  number={6190},
  pages={1396--1401},
  year={2014},
  publisher={American Association for the Advancement of Science}
}

% NCBI information file maybe: ftp://ftp.ncbi.nlm.nih.gov/gene/DATA/GENE_INFO/Mammalia/Homo_sapiens.gene_info.gz 
